<?xml version="1.0" encoding="UTF-8"?><collection xmlns="http://www.loc.gov/MARC21/slim"><record><leader>00330nam--2200109-i-4500</leader><controlfield tag="001">000039379</controlfield><controlfield tag="002">20161230</controlfield><controlfield tag="005">20161230201042</controlfield><controlfield tag="008">060222s1000------------r-----000-0-eng-d</controlfield><datafield ind1=" " ind2=" " tag="245"><subfield code="a">Rca transistor manual including  silicon rectifiers and diodes</subfield></datafield><datafield ind1=" " ind2=" " tag="260"><subfield code="a">Somerville, Rca Semiconductor And Material Division, 1962. 304p</subfield></datafield><datafield ind1=" " ind2=" " tag="852"><subfield code="a">18885</subfield></datafield></record></collection>